<record><leader>00000cas a22000007a 4500</leader><controlfield tag="001">10744424</controlfield><controlfield tag="008">840517d18661873scuwr ne      0    0eng d</controlfield><datafield ind1=" " ind2=" " tag="010"><subfield code="a">sn 84026916 </subfield></datafield><datafield ind1=" " ind2=" " tag="040"><subfield code="a">NPU</subfield><subfield code="b">eng</subfield><subfield code="c">NPU</subfield><subfield code="d">SVN</subfield><subfield code="d">OCLCQ</subfield></datafield><datafield ind1=" " ind2=" " tag="042"><subfield code="a">msc</subfield></datafield><datafield ind1="0" ind2=" " tag="130"><subfield code="a">Sumter news (Sumter, S.C. : 1866)</subfield></datafield><datafield ind1="1" ind2="4" tag="245"><subfield code="a">The Sumter news.</subfield></datafield><datafield ind1=" " ind2=" " tag="260"><subfield code="a">Sumter, S.C. :</subfield><subfield code="b">H.L. Darr</subfield></datafield><datafield ind1=" " ind2=" " tag="300"><subfield code="a">v. ;</subfield><subfield code="c">68 cm.</subfield></datafield><datafield ind1=" " ind2=" " tag="310"><subfield code="a">Weekly</subfield></datafield><datafield ind1="0" ind2=" " tag="362"><subfield code="a">Vol. 1, no. 1 (May 31, 1866) - v. 8, no. 10 (Aug. 7, 1873).</subfield></datafield><datafield ind1=" " ind2="4" tag="651"><subfield code="a">Sumter County (S.C.)</subfield><subfield code="v">Newspapers.</subfield></datafield><datafield ind1=" " ind2=" " tag="752"><subfield code="a">United States</subfield><subfield code="b">South Carolina</subfield><subfield code="c">Sumter</subfield><subfield code="d">Sumter.</subfield></datafield><datafield ind1="0" ind2="0" tag="785"><subfield code="t">True southron</subfield><subfield code="w">(DLC)sn 86053242</subfield></datafield><datafield ind1="1" ind2=" " tag="029"><subfield code="a">AU@</subfield><subfield code="b">000020633434</subfield></datafield></record>